4077 5964
762 416 841 476 18

851 4604 1004 4682 [32]
1022 4605 1120 4662 Ex
1135 4605 1227 4662 his
1251 4623 1403 4681 ergo
1427 4607 1616 4663 omni-

766 4694 879 4752 bus
953 4695 1296 4769 quicunque
1375 4695 1616 4754 diabolo

764 4784 1056 4843 suadente
1104 4784 1328 4857 aliquid
1360 4785 1618 4843 minora—

767 4875 934 4945 verit,
981 4892 1171 4950 penas
1218 4891 1356 4932 cum
1395 4876 1615 4934 eodem

763 4973 1003 5022 eternas
1034 4964 1366 5023 sustinebit.
1399 4966 1613 5024 Amen.

766 5053 978 5114 Amen.
1030 5054 1244 5113 Amen.

1965 437 2022 478 G.
2072 438 2432 479 Fmssmucn:

2175 627 2245 691 B

1774 810 1876 883 qui
1909 810 2128 868 dicitur
2160 810 2415 869 Breznik
2456 812 2635 869 datus

1774 900 1907 970 suit3
1940 917 2122 972 quem
2150 918 2261 974 pro
2287 901 2632 959 remocione

1773 989 1901 1046 dux
1964 989 2234 1063 prefatus
2280 991 2391 1048 sibi
2443 992 2634 1065 adop-

1772 1078 1939 1147 tavit,
2015 1080 2292 1153 predicto
2358 1080 2627 1138 ministe-

1772 1168 1899 1247 riali
1934 1169 1991 1225 in
2010 1169 2144 1226 villa
2167 1169 2386 1227 eadem
2408 1179 2632 1227 terram

1772 1257 2119 1315 rusticalem
2196 1259 2271 1315 ad
2367 1268 2631 1317 aratrum

1773 1348 2084 1405 mutuavit.
2135 1347 2328 1406 Poruc
2369 1349 2632 1423 piscator

1772 1453 1910 1494 cum
1943 1446 2106 1494 terra
2140 1437 2197 1495 in
2224 1438 2441 1496 eadem
2475 1438 2627 1498 villa.

1771 1526 2087 1584 Ternovaz
2157 1526 2357 1585 Tesec
2428 1537 2631 1585 custos

1773 1634 1954 1690 apum
2002 1633 2140 1673 cum
2189 1627 2349 1674 terra
2381 1618 2459 1674 ad
2499 1635 2630 1675 ara-

1773 1715 1949 1763 trum.
2020 1704 2358 1779 Costelech,
2429 1704 2629 1765 Cono-

1775 1795 1911 1865 iedi,
1943 1793 2292 1863 TribruSCQ
2323 1796 2627 1854 Dubrauiz

1774 1884 2020 1942 dimidia
2066 1884 2221 1942 villa.
2272 1883 2485 1959 Copist
2532 1903 2627 1942 ru-

1774 1974 1960 2031 sticus
1991 1991 2129 2032 cum
2164 1983 2342 2032 terra.
2382 1969 2532 2055 [28]
2565 1976 2628 2032 In

1774 2063 2078 2138 provincia
2162 2059 2616 2122 Bolezlauensik

1772 2154 2085 2211 Hotetoue
2111 2153 2290 2211 Zikac
2324 2153 2491 2211 faber
2522 2154 2628 2211 ha-

1772 2243 1923 2299 bens
1969 2251 2194 2300 terram
2234 2243 2312 2300 ad
2343 2252 2625 2303 aratrum.

1773 2332 1982 2389 Brizak
2030 2331 2302 2390 Iztbezza
2357 2332 2628 2390 minister

1774 2420 2006 2479 habens
2067 2429 2291 2479 terram
2356 2422 2434 2479 ad
2498 2440 2627 2480 ara-

1775 2520 1950 2568 trum.
2036 2510 2218 2568 Bozni
2298 2510 2628 2569 Damianus

1775 2617 1957 2657 cocus
2003 2599 2235 2657 habens
2275 2608 2499 2658 terram
2548 2600 2626 2658 ad

1774 2698 2061 2747 aratrum.
2086 2683 2240 2770 [29]
2263 2690 2328 2746 In
2351 2689 2626 2748 Satcensi

1777 2778 2080 2852 provincia
2128 2778 2406 2838 Hotsoue
2454 2780 2629 2838 Prez-

1775 2877 1874 2927 tan
1922 2868 2340 2942 campanarius
2395 2868 2628 2927 habens

1774 2967 1968 3016 teram
2017 2958 2096 3015 ad
2145 2966 2428 3017 aratrum.
2478 2959 2628 3017 Les-

1774 3049 1885 3106 cah
1934 3047 2138 3105 Deton
2193 3057 2400 3106 custos
2446 3066 2629 3124 apum

1775 3137 2006 3195 habens
2067 3146 2293 3195 terram
2356 3137 2433 3195 ad
2496 3156 2626 3196 ara-

1775 3235 1951 3285 trum.
1988 3226 2203 3284 Lubne
2238 3227 2465 3285 Prauez
2498 3244 2629 3285 car-

1773 3316 2083 3390 pentarius
2130 3316 2363 3374 habens
2404 3325 2628 3375 terram

1772 3405 1849 3463 ad
1882 3413 2170 3466 aratrum.
2202 3399 2356 3486 [30]
2398 3407 2461 3464 In
2491 3425 2630 3481 pro-

1771 3495 1963 3553 vincia
2034 3496 2406 3569 Boyzenensi
2476 3495 2631 3554 Dra-

1772 3584 2001 3643 zouicih
2094 3584 2309 3642 Radek
2425 3594 2630 3644 custos

1773 3692 1956 3748 apum
2018 3690 2156 3731 cum
2219 3673 2342 3731 filio
2388 3675 2632 3750 Zuoyen

1774 3774 1837 3822 et
1868 3781 2008 3821 cum
2043 3771 2205 3821 terra
2230 3764 2631 3839 omnibusque

1774 3853 2166 3928 appendiciis
2277 3853 2631 3912 Siuohoschi

1776 3941 2022 4017 Quetek
2061 3960 2246 4000 cocus
2277 3959 2415 4001 cum
2448 3951 2631 4001 terra.

1776 4026 1927 4113 [31]
1977 4030 2074 4089 Ad
2109 4032 2306 4106 ipsum
2337 4050 2487 4091 vero
2535 4050 2633 4090 ca-

1776 4131 1967 4179 strum
1978 4121 2476 4180 Lutomericense
2495 4131 2634 4180 sunt

1778 4212 2044 4286 pistores·
2099 4220 2163 4269 et
2219 4212 2631 4271 molendinarii

1778 4318 2036 4374 quorum
2062 4301 2303 4359 nomina
2329 4310 2467 4360 sunt
2493 4302 2631 4359 hec:

1779 4390 2104 4462 Stromata,
2150 4391 2373 4448 Nerad.

1781 4600 1871 4652 Ex
1928 4600 2036 4653 hiis
2094 4620 2127 4650 *e
2181 4599 2450 4654 omnibus
2487 4509 2636 4669 [2135]-

1781 4704 2012 4757 cunque
2068 4689 2302 4742 diabolo
2354 4689 2637 4743 suadente

1780 4778 1996 4846 aliquid
2026 4777 2416 4842 minoraverit,
2458 4793 2638 4846 penas

1780 4884 1912 4922 cum
1933 4868 2141 4921 eodem
2164 4874 2394 4920 eternas
2422 4865 2479 4922 in
2497 4883 2637 4940 per-

1778 4973 2028 5038 petuum
2080 4962 2351 5036 paciatur
2389 4968 2590 5021 Amen.

1849 5277 1878 5316 k
1927 5277 2228 5343 ,Bolezlan‘
2268 5280 2335 5332 B.

2868 1345 3050 1400 Peruc
3075 1347 3411 1418 pissk[ator]
3433 1360 3459 1397 ε
3498 1365 3628 1403 cum

2775 1443 2945 1489 terra.
2987 1455 3019 1484 ι
3056 1436 3382 1492 Trrnovass
3434 1440 3630 1493 Tesek

2775 1530 2976 1578 custos
3008 1542 3179 1593 apum
3208 1543 3340 1581 cum
3379 1524 3529 1581 ter'ra
3557 1531 3633 1582 ad

2775 1623 3042 1668 aratrum.
3098 1615 3411 1684 Kopissteh
3465 1621 3633 1672 rusti-

2776 1720 2879 1758 cus
2931 1720 3061 1758 cum
3113 1713 3280 1759 terra.
3339 1707 3631 1769 Kostelec.

2776 1795 3098 1863 Konogedi,
3121 1796 3490 1859 TribrusskO,
3513 1799 3632 1852 Du·

2775 1886 3059 1938 braviciea
3101 1886 3339 1939 dimidia
3377 1888 3522 1943 villa.

2858 1973 3002 2044 [28]
3026 1974 3087 2028 In
3117 1976 3415 2043 provincia
3435 1977 3633 2031 Boles·

2772 2065 3019 2117 slavensi
3092 2061 3385 2118 Hotetove
3460 2066 3632 2119 Zikac

2773 2154 2936 2206 faber
2973 2168 3125 2207 cum
3163 2161 3367 2209 terra
3404 2154 3479 2207 ad
3506 2171 3629 2209 ara-

2772 2250 2941 2296 trum.
3029 2244 3224 2297 Brisac
3299 2243 3554 2298 Istbesse
3595 2262 3628 2292 ιι

2773 2349 2939 2387 cum
2976 2342 3201 2387 terra
3238 2334 3314 2387 ad
3353 2342 3625 2388 aratrum.

2771 2423 2949 2477 Bozni
2974 2439 3154 2477 cocus
3188 2418 3375 2497 <cum
3409 2422 3617 2497 terra>

2773 2513 3089 2567 Damianus
3128 2528 3278 2567 cum
3319 2514 3616 2566 terra‘ad

2772 2611 3042 2657 aratrum.

2860 2692 3006 2763 [29]
3055 2693 3116 2746 In
3174 2694 3466 2761 provincia
3503 2691 3616 2745 Sat·

2774 2785 2932 2837 censi
3029 2783 3294 2836 Hotsove
3394 2778 3620 2835 Prestan

2775 2874 3200 2941 campanarius
3222 2887 3254 2925 c
3277 2888 3310 2925 u
3333 2889 3387 2925 m
3427 2879 3497 2924 te
3513 2888 3539 2924 r
3555 2888 3627 2925 ra

2775 2964 2850 3018 ad
2889 2972 3162 3019 aratrum.
3214 2963 3477 3017 Lesskah
3518 2960 3631 3015 De-

2775 3064 2877 3109 ton
2954 3062 3156 3108 custos
3226 3068 3400 3120 apum
3464 3069 3496 3108 c
3521 3067 3629 3107 um

2777 3152 2980 3198 terra
3013 3144 3087 3197 ad
3115 3152 3384 3198 aratrum.
3426 3144 3630 3197 Lubne

2779 3217 2996 3287 Prauec
3035 3235 3438 3302 carpentarius
3476 3249 3629 3288 cum

2777 3332 2800 3377 t
2820 3341 2853 3377 e
2876 3342 2903 3377 r
2924 3341 2951 3377 r
2970 3340 3002 3378 a
3044 3341 3076 3370 σε
3100 3366 3111 3377 .

2865 3413 3001 3484 [30]
3052 3415 3114 3468 In
3166 3414 3466 3479 provincia
3506 3414 3631 3466 Boi-

2780 3505 3034 3559 zienensi
3062 3505 3404 3558 Drasovicih
3428 3503 3629 3557 Radeh

2778 3602 2979 3648 custos
3053 3610 3228 3661 apum
3310 3609 3441 3647 cum
3514 3591 3629 3644 filio

2778 3683 2989 3738 Zvoien
3047 3692 3106 3737 et
3161 3700 3292 3737 cum
3350 3689 3504 3736 terra
3555 3688 3631 3732 et

2780 3776 3050 3827 omnibus
3143 3771 3558 3842 ap[pendi]ciis
3573 3769 3631 3820 b.

2779 3863 3134 3934 Siuogossici
3183 3863 3411 3916 Kvetek
3456 3877 3633 3916 cocus
3731 3877 3738 3884 ·

2783 3968 2913 4007 cum
2955 3961 3106 4006 terra

2867 4042 3001 4113 [31]
3039 4042 3224 4113 A[d]h
3266 4045 3453 4110 ipsum
3492 4057 3634 4093 vero

2782 4141 3034 4188 castrum
3091 4132 3406 4186 Lutomiric
3472 4150 3500 4177 ν
3553 4132 3632 4198 pi-

2780 4233 2968 4278 stores
3060 4230 3118 4277 et
3216 4221 3635 4280 molendinarii.

2780 4330 3028 4382 quorum
3059 4315 3292 4365 nomina
3320 4318 3457 4364 sunt
3496 4314 3632 4365 hec:

2780 4403 3087 4461 Stromata,
3152 4403 3340 4456 Nerad
3400 4408 3463 4456 et
3540 4398 3636 4456 alii

2781 4517 2965 4573 quam
3014 4499 3231 4572 plures,

2870 4600 3006 4671 [32]
3056 4600 3148 4653 Ex
3202 4599 3309 4653 hiis
3365 4601 3637 4653 omnibus

2782 4691 3137 4759 quicumque
3211 4688 3446 4743 diabolo
3509 4705 3636 4742 sua-

2783 4780 2959 4833 dente
2999 4779 3216 4846 aiiquid
3248 4778 3636 4839 minoraverit,

2785 4885 2962 4937 penas
3011 4875 3239 4922 eternas
3290 4884 3419 4921 curn
3473 4869 3637 4936 ipso

2784 5012 3048 5066 dokonlz'v
3102 5014 3210 5066 te'to
3237 5013 3493 5082 pismeny
3532 5029 3636 5064 na-

2773 5105 2924 5170 psal
2956 5105 3045 5167 ‚b‘.

2874 5204 2904 5241 α
2934 5192 3124 5259 ,pissk‘
3169 5189 3225 5244 C.

2874 5278 2902 5319 ¹¹
2920 5290 3228 5349 pergamen
3268 5284 3492 5350 vyira'n.
