4077 5964
720 415 801 475 14

802 978 916 1065 [71]
995 984 1182 1059 Igitur
1259 986 1338 1042 de
1407 987 1567 1043 omni

712 1086 842 1132 arte
920 1074 999 1131 ab
1078 1074 1358 1133 omnibus
1446 1076 1570 1134 suis

711 1164 1055 1221 civitatibus
1101 1164 1257 1222 sicut
1295 1167 1372 1221 ad
1406 1165 1568 1238 prin-

710 1248 1069 1331 cipisssdecet
1081 1254 1475 1311 ministerium
1490 1254 1568 1311 de

712 1342 931 1400 familia
992 1342 1316 1400 destinavit
1373 1344 1567 1401 virum

712 1450 852 1491 cum
901 1449 1094 1489 uxore
1143 1441 1206 1489 et
1252 1432 1386 1489 filiis
1421 1432 1567 1490 filia-

710 1521 944 1593 busque
964 1521 1042 1577 ad
1059 1539 1238 1579 unam
1261 1539 1567 1594 quamque

708 1622 903 1668 artem
965 1611 1388 1685 pertinentem.
1454 1605 1568 1691 [5]

711 1699 897 1756 Villas
936 1717 1183 1773 quoque
1223 1699 1404 1771 XIIII,
1454 1701 1563 1758 ho-

709 1788 969 1863 spitibus
1059 1790 1389 1862 deputatas
1481 1789 1565 1847 VI

709 1896 855 1936 vero
897 1878 1300 1936 servientibus
1332 1895 1404 1936 ac
1434 1896 1564 1936 ara-

709 1968 941 2025 toribus
980 1983 1118 2024 cum
1150 1967 1430 2025 omnibus
1462 1985 1565 2025 ne-

706 2057 999 2128 cessariiS,
1039 2057 1267 2114 scilicet
1299 2056 1461 2114 silvis
1493 2074 1564 2115 ac

704 2146 935 2215 aratris,
1000 2147 1382 2204 condonavit.
1450 2140 1563 2226 [o]

706 2236 930 2293 Vineas
961 2253 1207 2308 quoque
1241 2236 1393 2292 duas
1424 2253 1563 2293 cum

704 2324 1057 2382 vinitoribus
1090 2325 1295 2398 quanti
1320 2324 1559 2382 suffice-

704 2422 840 2471 rent
886 2415 964 2472 ad
1011 2413 1400 2472 excollendas
1454 2431 1562 2475 eas

705 2504 892 2560 dedit.
927 2503 1162 2561 Puellas
1191 2504 1562 2577 operatrices

704 2592 899 2651 XXX.
919 2593 1128 2666 Equas
1152 2610 1396 2666 quoque
1423 2608 1562 2650 cen-

705 2694 834 2739 tum
882 2699 1020 2739 cum
1068 2699 1287 2756 campo
1320 2698 1561 2756 magno,

706 2771 1087 2844 totidemque
1135 2789 1301 2840 oves,
1346 2787 1562 2829 vaccas

705 2870 912 2919 autem
928 2862 1110 2920 XXX
1125 2870 1189 2919 et
1212 2860 1385 2919 LXX
1402 2878 1559 2918 sueS.

704 2943 819 3031 [7]
851 2950 1002 3010 Vias
1032 2952 1199 3021 duaS‚
1240 2967 1421 3008 unam
1453 2967 1563 3024 ρει·

704 3040 914 3099 silvam
947 3042 1024 3099 ad
1057 3041 1310 3098 Hlmecs
1348 3048 1563 3098 octava

704 3129 1050 3189 ebdomada
1150 3129 1563 3203 accipiendam

703 3221 977 3294 predicte
1072 3219 1373 3277 concessit
1467 3235 1565 3276 ec-

705 3309 905 3383 clesie,
930 3310 1181 3366 alteram
1206 3326 1318 3383 ρει·
1342 3326 1562 3383 aquam

704 3397 902 3468 Vzthi,
936 3416 1057 3472 que
1094 3398 1232 3456 duci
1257 3399 1563 3471 pertinuit,

705 3487 953 3545 addidit.
1000 3481 1117 3568 [8]
1148 3488 1214 3546 In
1254 3487 1385 3561 ipsa
1416 3505 1564 3545 vero

704 3576 964 3648 civitate,
1013 3595 1133 3651 qua
1175 3576 1410 3650 prefata
1443 3577 1565 3635 col-

705 3666 900 3728 locata
946 3675 1041 3724 est
1088 3665 1360 3741 ecclesia,

1648 641 1653 691 l

1649 704 1654 955 1

1643 1927 1649 2191 l

1640 2326 1646 2609 l

1642 2904 1646 2945 Ι

1643 2976 1646 3008 ι

1926 437 2393 480 G.FR1EDR1CH.

2128 628 2198 692 B

1826 982 1916 1051 [4]
1956 985 2133 1054 Igitur
2171 989 2244 1041 de
2283 988 2439 1041 omni
2472 996 2596 1042 arte

1734 1088 1767 1125 a
1834 1071 2200 1143 quibusdam
2272 1075 2596 1147 provinciis

1733 1163 1883 1216 sicut
1922 1162 1984 1211 *b
1997 1165 2272 1232 principis
2298 1166 2471 1219 decet
2492 1167 2592 1219 mi—

1732 1253 2029 1305 nisterium
2095 1255 2170 1307 de
2233 1252 2591 1310 ministeria·

1731 1338 1886 1396 libus
1913 1343 2225 1396 destinavit
2246 1344 2430 1398 virum
2458 1361 2589 1399 cum

1732 1447 1916 1485 uxore
1954 1440 2013 1484 et
2065 1434 2192 1485 filiis
2249 1433 2592 1502 filiabusque

1729 1521 1803 1574 ad
1855 1537 2028 1576 unam
2079 1538 2372 1590 quamque
2418 1525 2590 1590 perti·

1729 1619 1961 1664 nentem
2018 1620 2214 1665 artem.
2272 1612 2362 1681 [5]
2411 1613 2590 1667 Villas

1728 1738 1759 1766 ι
1784 1718 1942 1771 XIIII
1959 1719 2285 1785 hospitibus
2306 1717 2588 1793 integraS,

1728 1823 1836 1861 sex
1863 1824 2002 1862 vero
2044 1828 2076 1857 a
2102 1810 2428 1863 aratoribus
2455 1826 2585 1863 cum

1728 1898 1996 1950 omnibus
2035 1899 2392 1960 necessariis,
2439 1899 2587 1952 scili-

1728 1994 1820 2039 cet
1858 1986 2012 2039 filiisc
2043 2002 2110 2039 ac
2149 1988 2350 2040 aratris
2389 1985 2587 2043 eccle-

1726 2074 1877 2129 siam
1920 2072 2149 2130 ditavit.
2216 2076 2306 2145 [ό]
2371 2077 2586 2132 Vineas

1726 2180 1961 2233 quoque
2014 2167 2160 2219 duas
2211 2182 2343 2220 cum
2382 2168 2585 2220 vinito-

1726 2255 1884 2308 ribus
1918 2257 2120 2323 quanti
2152 2254 2485 2310 sufficerent
2510 2257 2585 2310 ad

1726 2345 2105 2398 excollendas
2136 2360 2234 2398 eas
2261 2346 2438 2399 dedit.
2479 2347 2584 2400 Pu-

1725 2433 1862 2486 ellas
1951 2434 2126 2486 XXX
2212 2436 2586 2502 operatrices,

1724 2538 1921 2609 Equas
1936 2542 2223 2611 quoqueC
2234 2558 2366 2594 cum
2383 2558 2590 2609 campo

1725 2627 1814 2683 eis
1861 2628 2183 2698 destinat0,
2222 2632 2585 2700 totidemque

1727 2734 1886 2782 oveS,
1927 2737 2137 2774 vaccas
2176 2729 2370 2775 autem
2411 2721 2585 2777 XXX

1727 2815 1785 2860 et
1847 2809 2012 2861 LXX
2076 2826 2227 2864 sues
2293 2809 2382 2879 [7]
2445 2810 2585 2865 Vias

1726 2915 1874 2955 vero
1895 2901 2060 2960 duas,
2077 2916 2248 2953 unam
2267 2901 2582 2965 persilvam

1727 3010 1761 3040 ιι
1853 2991 2099 3043 Hulmez
2210 2988 2511 3045 decimam
2553 2978 2583 3021 ἃ

1727 3081 2113 3133 ebdomadam
2187 3080 2584 3147 accipiendam

1727 3170 1990 3236 predicte
2013 3169 2303 3224 concessit
2322 3168 2585 3231 ecclesie,

1726 3260 1961 3312 alteram
1983 3272 2227 3330 quoque
2252 3274 2356 3326 per
2375 3271 2596 3327 aquam·

1729 3347 1871 3410 Vsti,
1928 3364 2043 3416 que
2100 3350 2236 3402 duci
2294 3349 2582 3417 pertinuit,

1725 3439 1969 3492 addidit.
2029 3438 2119 3508 [8]
2171 3440 2232 3493 In
2281 3440 2402 3507 ipsa
2443 3453 2583 3492 vero

1725 3529 1977 3593 civitate,
2006 3529 2063 3581 in
2084 3544 2201 3596 qua
2223 3527 2446 3597 prefata
2469 3529 2583 3581 col-

1726 3616 1914 3672 locata
1952 3627 2041 3671 est
2081 3618 2342 3682 ecclesia,

1817 4745 1847 4786 b
1877 4747 2101 4814 ornylem
2128 4745 2458 4812 pisaflovjm
2498 4761 2584 4813 vy-

1713 4836 1959 4902 pus¹te¹n0
1998 4833 2124 4897 ,ad‘.

1816 4934 1843 4963 ο
1874 4923 1972 4976 tak
2011 4940 2046 4975 v
2081 4922 2424 4991 konfirmaci
2461 4923 2584 4991 (pa-

1727 5015 1859 5066 trnl
1892 5014 2117 5080 omylem
2143 5013 2396 5079 pisar‘e).

1818 5099 1848 5141 d
1878 5101 2202 5168 ,decimam‘
2261 5117 2339 5153 na
2377 5103 2588 5154 rasur‘e

1728 5192 1927 5251 maheu.
1963 5192 2080 5259 jak
2121 5206 2179 5243 se
2227 5191 2351 5252 zdd,
2391 5207 2422 5242 ο
2459 5191 2588 5242 nlco

1728 5281 1954 5333 mladlz‘.

3140 630 3200 697 C

2743 808 3027 878 Praci[ci],
3048 820 3072 848 c
3226 810 3597 873 Lubusevici,

2741 898 2973 958 Hucsci,
3049 899 3369 962 Bussouici,
3450 898 3592 952 Hot-

2740 1012 2861 1049 sov
2956 990 3045 1071 [4]
3139 994 3426 1051 Preterea
3518 1003 3592 1055 de

2739 1087 2894 1139 omni
2933 1095 3057 1139 arte
3110 1101 3144 1140 a
3214 1085 3425 1145 castris
3488 1107 3593 1145 no-

2737 1172 2878 1230 stris
2901 1182 2965 1231 et
2996 1174 3235 1248 oppidis
3255 1185 3318 1230 ut
3340 1182 3414 1232 ad
3437 1182 3592 1249 prin-

2737 1258 2882 1323 cipis
2909 1257 3080 1311 decet
3106 1260 3481 1315 ministerium
3510 1265 3587 1317 vi-

2738 1361 2862 1399 rum
2922 1362 3053 1398 cum
3112 1364 3296 1402 uxore
3354 1350 3482 1404 filiis
3521 1363 3590 1406 et

2735 1426 2961 1479 filiabus
2983 1425 3191 1482 usibus
3223 1428 3592 1501 deputamus

2734 1513 3007 1572 ecclesie.

2825 1599 2911 1680 [ὅ]
2941 1606 3152 1660 Vineas
3177 1622 3414 1678 quoque
3442 1612 3589 1665 duas

2733 1703 2865 1740 cum
2904 1688 3247 1742 vinitoribus
3297 1693 3421 1758 qui
3470 1692 3585 1745 suf-

2733 1774 2972 1830 ficerent
3020 1777 3094 1829 ad
3153 1778 3352 1845 ipsas
3409 1796 3585 1835 exco-

2732 1856 2948 1909 lendas,
3001 1853 3286 1912 Similiter
3333 1857 3586 1915 conferi-

2730 1959 2864 1999 mus
2935 1947 3155 2014 puellas
3228 1952 3585 2015 operatrices

2729 2032 2837 2089 xfx.
2875 2031 3146 2093 Iumenta
3179 2047 3412 2093 centum
3451 2057 3581 2094 cum

2731 2124 2984 2194 pascuis,
3078 2130 3348 2184 Totidem
3422 2147 3582 2197 ονεε,

2731 2221 2939 2260 vaccas
2978 2236 3012 2265 a
3051 2202 3157 2269 xiix.
3207 2231 3240 2260 ι
3279 2228 3416 2266 sues
3467 2205 3573 2266 ιέὂι.

2730 2283 2865 2341 Hec
2912 2289 3110 2344 omnia
3159 2289 3434 2364 predicte
3480 2291 3582 2347 tri-

2731 2372 2969 2433 buimus
3026 2377 3297 2436 ecclesie.
3349 2376 3431 2457 [7]
3511 2386 3581 2438 In

2731 2468 2872 2520 viis
2904 2467 3583 2534 etiamduabus,una

2731 2567 2834 2620 per
2895 2549 3157 2615 Hlumec,
3223 2553 3456 2607 altera
3514 2558 3581 2610 in

2733 2638 2898 2693 Usthi
2919 2647 3181 2693 octavam
3197 2643 3582 2697 ebdomadam

2730 2717 2905 2775 nobis
2974 2716 3244 2776 debitam
3325 2741 3582 2791 preno-

2731 2802 3011 2853 minate
3068 2803 3432 2861 tradimus
3490 2823 3580 2860 ec·

2731 2880 2922 2936 clesie.
3003 2874 3090 2958 [8]
3166 2885 3226 2938 In
3301 2889 3582 2957 oppido

2730 2972 2987 3027 autem,
3025 2981 3168 3034 quo
3216 2967 3374 3035 ipsa
3424 2969 3579 3025 fun-

2730 3048 2894 3100 data
2918 3056 3008 3100 cst
3025 3048 3289 3109 ecclesia,
3337 3045 3423 3125 [9]
3473 3050 3580 3106 de-

2729 3132 2950 3190 cimum
3007 3135 3218 3207 sorum,
3282 3138 3580 3195 decimam

2732 3221 3047 3296 tabernam
3088 3235 3151 3282 et
3176 3228 3369 3284 tocius
3395 3229 3578 3286 nostri

2731 3328 2947 3369 census
3001 3314 3302 3373 decimam
3350 3326 3474 3374 tam
3523 3318 3579 3374 in

2730 3400 2947 3459 iudicio
2994 3421 3178 3476 quam
3225 3406 3283 3462 in
3330 3406 3581 3464 collecta

2729 3491 2993 3567 generali
3065 3494 3264 3551 eidem
3328 3496 3580 3553 conseri-

2729 3597 2863 3637 mus
2894 3580 3166 3657 ecclesie.
3219 3581 3343 3661 [10]
3386 3585 3574 3643 Medi·

2727 3687 2826 3727 am
2888 3688 3134 3744 quoque
3200 3683 3437 3747 partem
3499 3674 3594 3731 de⁴

2727 3759 2888 3817 omni
2921 3761 3205 3819 theloneo
3252 3763 3426 3821 nobis
3473 3765 3579 3821 de-

2727 3849 2918 3907 bitam
2949 3858 3072 3906 tam
3122 3868 3158 3908 a
3205 3851 3580 3911 descenden-

2727 3938 2888 3996 tibus
2964 3957 3145 4012 quam
3222 3941 3301 3999 ab
3370 3960 3580 4017 ascen-

2726 4026 3009 4085 dentibus
3032 4047 3143 4103 per
3168 4030 3407 4088 Albiam
3432 4051 3579 4105 sepe

2727 4117 2888 4174 dicte
2937 4118 3254 4176 tribuimus
3300 4121 3576 4192 ecclesie,

2726 4206 3008 4265 videlicet
3105 4210 3271 4282 quod
3363 4210 3581 4271 dicitur

2728 4296 3076 4368 homuthne,
3103 4299 3394 4371 othodne,
3417 4310 3580 4358 otro-

2728 4402 2818 4457 ce,
2912 4387 3171 4460 gostine,
3271 4406 3583 4466 grrnecne,

2728 4475 2901 4532 sitne.
2933 4535 2946 4546 ,
2989 4472 3109 4553 [11]
3187 4477 3279 4535 De
3359 4479 3579 4537 sorensi

2727 4564 2913 4621 etiam
2963 4564 3247 4623 theloneo
3303 4576 3583 4642 tempore

2730 4653 3001 4722 brumali,
3072 4656 3216 4712 dum
3281 4674 3439 4730 aqua
3490 4668 3585 4715 est

2730 4741 3067 4817 congelata,
3130 4744 3188 4801 in
3250 4746 3374 4804 sale
3437 4765 3585 4820 quo-

2731 4848 2991 4904 cumque
3056 4833 3242 4892 modo
3305 4845 3587 4909 aportato

2733 4930 2796 4978 et
2844 4922 2901 4977 in
2934 4921 3197 4994 piscibus
3239 4925 3585 4983 theloneum

2731 5009 3087 5083 solvendum
3107 5014 3440 5071 statuimus
3462 5012 3589 5091 [12]

2732 5099 2825 5157 De
2873 5100 3010 5158 vino
3042 5102 3244 5179 etiam,
3280 5105 3446 5178 quod
3479 5105 3586 5161 du-

2821 5284 2846 5312 c
2876 5273 3064 5326 druhc‘
3093 5276 3179 5335 ,ci‘
3217 5278 3550 5330 mzr'etclno.
3581 5311 3584 5316 -
