4077 5964
1874 653 1944 717 B

1477 837 1709 910 Ztoyan
1733 836 1956 894 vinitor
1980 853 2118 894 cum
2152 843 2332 906 terra,

1477 927 1641 985 Zvan
1685 926 1905 984 vinitor
1967 943 2105 984 cum
2152 934 2334 983 terra.

1477 1017 1689 1074 Preter
1717 1015 1830 1074 hos
1861 1022 2119 1085 sutores,
2167 1014 2332 1088 pelli·

1478 1106 1623 1164 fices
1668 1104 1789 1164 albi
1831 1114 1894 1164 et
1940 1105 2112 1180 nigri,
2162 1103 2333 1174 fabri,

1476 1194 1852 1270 carpentarii,
1940 1194 2335 1252 calefactores

1475 1284 1674 1343 stube.
1766 1284 1921 1343 Sunt
2003 1284 2197 1341 eciam
2276 1284 2334 1341 in

1476 1375 1696 1434 eadem
1811 1374 1946 1431 villa
2062 1373 2335 1447 hospites

1476 1482 1658 1538 quam
1706 1463 1928 1539 plureS.
1999 1463 2334 1521 Pocraticih

1478 1553 1698 1612 Dalese
1730 1554 1949 1611 vinitor
1978 1569 2114 1609 curn
2148 1561 2334 1622 terra,

1477 1642 1679 1703 Cecen
1725 1643 1942 1701 vinitor
1981 1659 2119 1700 cum
2154 1650 2334 1710 terra,

1477 1734 1635 1791 Dras
1680 1732 1902 1791 vinitor
1963 1749 2104 1790 curn
2153 1740 2331 1789 terra.

1476 1822 1787 1881 Sitinichih
1858 1821 2140 1879 Bachuha
2190 1821 2335 1878 vini-

1477 1921 1575 1971 tor
1620 1930 1759 1970 cum
1800 1920 1978 1969 terra.
2028 1909 2334 1969 Naboschi

1477 2002 1654 2061 Mach
1719 2001 2135 2075 carpentarius
2198 2017 2333 2057 cum

1477 2100 1661 2152 terra.
1693 2091 2091 2150 Trebutichih
2127 2089 2332 2147 rustici

1480 2183 1625 2240 duo:
1705 2181 1949 2255 Rozroy
2018 2189 2083 2238 et
2151 2180 2338 2237 frater

1478 2272 1608 2330 eius
1684 2269 1871 2329 Ostas
1947 2287 2087 2327 cum
2157 2278 2334 2326 terra.

1477 2360 1791 2419 Ternovas
1837 2371 2002 2418 terra
2034 2358 2184 2416 fabri
2233 2376 2337 2415 no-

1480 2452 1640 2508 mine
1674 2448 1794 2508 Cis.
1844 2449 2177 2507 Nuchnicih
2210 2448 2338 2505 Ma-

1479 2541 1555 2599 lic
1609 2557 1749 2598 cum
1812 2547 1973 2597 terra
2036 2547 2099 2596 et
2160 2537 2336 2595 aliam

1479 2630 1714 2689 habens
1744 2629 2005 2687 Lucove.
2044 2626 2337 2701 Copisteh

1480 2729 1645 2779 terra
1705 2718 2020 2793 hospitalis
2083 2716 2161 2775 ad
2209 2734 2340 2775 ara-

1480 2818 1661 2869 trum.
1731 2808 2024 2882 Raduyne
2103 2807 2339 2864 Hotese

1480 2899 1738 2957 rusticus
1769 2915 1908 2956 eum
1941 2906 2128 2958 terra.
2164 2895 2339 2953 Vscri

1483 2989 1612 3049 Cen
1661 2989 1919 3047 rusticus
1972 3005 2113 3045 cum
2159 2995 2339 3046 terra.

1480 3080 1844 3138 Naztranem
1881 3076 2120 3136 Cacuca
2166 3076 2342 3134 rusti-

1480 3188 1587 3228 cus
1633 3186 1768 3227 cum
1835 3178 2015 3226 terra.
2081 3167 2342 3224 Peschaz

1482 3260 1659 3317 Biknt
1704 3258 1962 3317 rusticus
1994 3273 2133 3314 cum
2181 3264 2342 3314 terra

1482 3358 1546 3406 et
1576 3348 1692 3407 alia
1723 3347 2147 3406 Zernozecheh
2180 3355 2342 3403 terra

1479 3437 1792 3495 rusticalis.
1827 3436 2198 3494 Lubohovaz
2241 3435 2338 3509 Ju-

1480 3536 1617 3586 rata
1664 3527 1930 3602 piscator
1968 3543 2108 3583 cum
2156 3534 2337 3583 terra.

1482 3616 1752 3675 Zaiezleh
1825 3615 2011 3675 Ostas
2080 3615 2341 3672 rusticus

1482 3724 1620 3765 eum
1682 3715 1844 3764 terra
1891 3715 1955 3763 et
2001 3704 2177 3762 aliam
2234 3704 2338 3762 ha-

1482 3797 1635 3855 bens
1681 3795 2046 3854 Prosmiceh.
2101 3793 2340 3852 Natleni

1481 3885 1795 3959 hospitalis
1859 3893 2020 3942 terra
2083 3883 2160 3941 ad
2208 3900 2340 3940 ara-

1482 3984 1659 4035 trum.
1760 3973 2173 4032 Nauulconine
2243 3989 2340 4029 ru·

1480 4065 1668 4123 sticus
1698 4057 1862 4122 eumi
1892 4072 2056 4122 terra
2108 4062 2184 4119 ad
2209 4079 2340 4120 ara-

1482 4164 1663 4213 trum.
1711 4154 2017 4212 Lucoucih
2067 4152 2339 4226 Platiuoy

1482 4254 1652 4302 sutor
1722 4243 1894 4319 niger
1956 4259 2093 4299 cum
2157 4251 2337 4312 terra,

1481 4343 1547 4392 et
1578 4333 1753 4391 aliam
1794 4332 1979 4390 habet
2025 4331 2336 4405 Raduyne.

1483 4422 1862 4481 Diascouicih
1894 4421 2154 4479 rusticus
2186 4421 2338 4478 Roz-

1480 4531 1592 4587 roy
1624 4529 1767 4572 cum
1806 4520 1968 4570 terra
2000 4512 2079 4568 ad
2111 4509 2161 4567 ΙΙ
2207 4527 2337 4568 ara-

1482 4611 1590 4660 tra.
1654 4602 1971 4660 Hotesoue
2026 4600 2338 4672 hospitalis

1484 4700 1647 4750 terra
1737 4691 1815 4748 ad
1909 4691 2031 4748 duo
2116 4700 2332 4748 aratra.

1484 4781 1755 4839 Brennaz
1821 4779 2010 4855 Jacob
2080 4779 2336 4837 nutritor

1484 4888 1781 4945 equorum
1807 4887 1944 4928 cum
1977 4878 2161 4927 terra.
2188 4860 2336 4947 [27]

1486 4961 1549 5018 In
1580 4959 1884 5035 provincia
1934 4958 2230 5015 Belinensi
2263 4975 2338 5014 na

1487 5049 1622 5108 Vzti
1671 5048 1899 5119 Crisan‚
1948 5048 2042 5106 cui
2089 5065 2339 5120 campus

1576 5186 1590 5228 ἰ
1630 5192 1794 5251 ,cum‘
1836 5186 2058 5239 doddno
2083 5184 2337 5251 drobnlj-

1486 5279 1592 5330 Hm
1618 5279 1855 5345 pismcm
1896 5277 2017 5328 nad
2051 5274 2269 5326 '‘ddkou

1117 462 1156 503 o
1205 446 1540 503 zAxLAnAci
1591 443 1829 502 Lxsnm':
1878 460 2184 501 κΑΡιτυιγ
2236 443 2669 501 ιιτοΜὲᾔιεκὲ.

3255 441 3333 501 17

2888 652 2950 718 C

2479 839 2872 893 calefactores.
2901 835 3134 893 Ibidem
3161 840 3336 892 etiam

2479 928 2614 974 sunt
2643 920 2903 987 hospites
2922 935 3095 987 quam
3125 920 3320 987 plures

2479 1008 2811 1063 Pocraticih
2853 1009 3092 1063 Dalesse
3124 1010 3338 1062 vinitor

2481 1114 2613 1151 cum
2650 1106 2816 1158 terra.
2884 1098 3074 1153 Cecen
3127 1099 3339 1153 vinitor

2480 1203 2612 1241 cum
2676 1196 2846 1252 terra,
2912 1189 3062 1242 Dras
3128 1189 3339 1241 vinitor

2480 1293 2611 1331 cum
2652 1285 2819 1332 terra.
2896 1278 3191 1347 Sytenicih
3234 1278 3339 1331 Ba·

2479 1369 2629 1422 cuka
2693 1368 2905 1421 vinitor
2967 1383 3099 1421 cum
3162 1375 3335 1421 terra.

2480 1459 2730 1512 Nabosci
2777 1457 2903 1511 Mac
2943 1458 3338 1526 carpentarius

2481 1564 2612 1602 cum
2653 1554 2807 1601 terra
2866 1547 3205 1601 Trebucicih
3247 1564 3337 1602 ru·

2482 1638 2611 1691 stici
2650 1639 2797 1692 duo:
2849 1638 3078 1708 Rozroy
3133 1645 3193 1690 et
3230 1637 3334 1692 sra-

2481 1737 2569 1782 tre
2586 1726 2614 1767 d
2631 1728 2756 1782 eius
2776 1727 2992 1781 Hostas
3014 1743 3143 1782 cum
3167 1735 3337 1781 terra.

2481 1819 2774 1873 ‘rrrnovas
2833 1824 2989 1872 terra
3044 1817 3191 1872 sabri
3243 1820 3336 1872 cui

2482 1925 2690 1964 nornen
2732 1909 2840 1963 Cis.
2888 1909 3165 1963 Nucnicih
3208 1909 3338 1965 Mali

2482 2016 2614 2054 cum
2656 2010 2806 2054 terra
2846 2006 2905 2053 et
2928 1998 3097 2053 aliam
3124 1999 3339 2052 hbense

2482 2091 2778 2145 Luchoue.
2815 2089 3165 2156 Kopisstech
3188 2097 3339 2145 terra

2486 2180 2787 2249 hospitalis
2819 2181 2894 2235 ad
2920 2187 3188 2234 aratrum.
3229 2180 3340 2234 Ra·

2484 2272 2660 2325 duine
2733 2268 3012 2326 Gostesse
3088 2271 3342 2325 rusticus

2485 2377 2614 2413 cum
2654 2370 2822 2415 terra.
2864 2360 2990 2413 Vsti
3032 2360 3188 2416 Cean
3217 2379 3340 2416 rus-

2485 2454 2634 2506 ticus
2650 2468 2781 2505 cum
2795 2459 2966 2505 terra.
2996 2451 3339 2506 Nastranem

2487 2542 2754 2596 Ceacuka
2787 2541 3039 2595 rusticus
3077 2558 3207 2596 cum
3228 2549 3339 2595 ter-

2486 2649 2565 2686 ra.
2588 2632 2872 2686 Pesceass
2892 2631 3065 2686 Bikut
3090 2632 3341 2688 rusticus

2487 2738 2619 2775 cum
2657 2730 2810 2776 terra
2849 2730 2908 2775 et
2947 2722 3056 2775 aiia
3101 2722 3340 2777 Sernos·

2487 2812 2679 2866 siecch
2703 2819 2854 2865 terra
2882 2812 3179 2867 rusticaiis.
3208 2812 3341 2866 Liu-

2489 2903 2781 2957 bohovass
2837 2904 3032 2971 Jurata
3090 2902 3344 2970 piscator

2488 3009 2620 3047 cum
2659 3001 2826 3046 terra.
2867 2993 3190 3046 Zalezzlech
3233 2993 3342 3049 Os·

2488 3091 2638 3137 stass
2699 3083 2950 3137 rusticus
3001 3098 3131 3136 cum
3193 3089 3345 3136 terra

2488 3181 2548 3226 et
2583 3173 2751 3226 aliam
2804 3173 3024 3226 habens
3061 3172 3342 3226 Prossmi-

2490 3264 2635 3333 ciqh.
2731 3262 2971 3317 Nadiem
3046 3263 3344 3332 hospitalis

2490 3361 2643 3407 terra
2662 3355 2736 3407 ad
2759 3360 3027 3407 aratrum.
3043 3352 3345 3408 Nawillko-

2490 3445 2622 3497 nine
2687 3445 2935 3498 rusticus
2997 3459 3129 3497 cum
3192 3450 3346 3499 terra

2490 3534 2562 3586 ad
2639 3541 2908 3587 aratrum.
3019 3533 3342 3587 Lukovicih

2489 3622 2756 3693 Plativoy
2807 3631 2972 3676 sutor
3015 3624 3176 3694 niger
3214 3639 3345 3677 cum

2488 3719 2643 3767 terra
2664 3720 2722 3765 et
2746 3714 2913 3766 aiiam
2942 3713 3164 3767 habens
3192 3714 3346 3768 Rad-

2488 3804 2636 3856 vine.
2667 3803 3075 3857 Diaskovicich
3116 3803 3344 3872 Rozroy

2490 3894 2741 3946 rusticus
2761 3909 2892 3946 cum
2917 3901 3072 3947 terra
3093 3895 3215 3947 ad'fi
3226 3909 3339 3948 ara·

2486 3990 2591 4037 tra.
2667 3982 2982 4037 Hotissove
3044 3983 3347 4050 hospitalis

2486 4090 2640 4136 terra
2669 4083 2744 4135 ad
2770 4088 3050 4158 aratrum.
3079 4081 3347 4136 Breniass

2484 4172 2664 4240 Jacub
2738 4173 2987 4225 nutritor
3061 4186 3347 4240 equorum

2485 4287 2617 4326 cum
2634 4280 2789 4325 terra
2804 4268 2885 4327 ad
2904 4277 3192 4328 aratrum.
3218 4260 3345 4349 [27]

2485 4354 2544 4406 In
2610 4371 2641 4404 ιιι
2702 4352 2826 4407 Usti
2902 4351 3108 4405 Krisan
3189 4367 3272 4405 cu
3292 4369 3346 4406 m

2483 4457 2563 4496 ca
2582 4461 2635 4497 m
2654 4460 2759 4512 ρο,
2801 4442 2899 4508 qui
2928 4442 3146 4496 dicitur
3184 4441 3348 4494 Bres-

2482 4546 2597 4605 nik.
2626 4540 2853 4597 ibidem
2879 4549 3095 4595 terram
3132 4530 3355 4595 hbenss

2482 4627 2555 4680 ad
2594 4631 2865 4679 aratrum.

2572 4749 2601 4791 d
2631 4753 2733 4805 tak
2775 4749 2829 4804 C·

2571 4853 2596 4880 θ
2627 4841 2726 4893 tak
2791 4837 2872 4903 C,·
2931 4837 3200 4890 rame'nko
3273 4838 3342 4899 ,h‘

2470 4931 2785 4999 protaieno
2809 4930 2932 4996 ped
2977 4927 3168 4980 r‘ddku
3193 4928 3349 4995 jako

2483 5022 2545 5089 by
2644 5015 2977 5084 napodobilo
3070 5016 3348 5069 kursivni

2484 5110 2724 5179 spi‘eiku
2765 5109 2890 5168 ,ha‘.

2575 5197 2596 5236 s
2631 5198 2798 5248 misto
2858 5194 2930 5256 ,b‘
2997 5193 3143 5247 chtel
3188 5195 3354 5257 psdt·

2479 5289 2662 5358 pz’sat‘
2696 5280 2967 5352 privodnl
3004 5283 3092 5344 ‚a‘,
3129 5281 3219 5332 ale
3272 5298 3361 5334 ne-
