4077 5964
1188 425 1227 491 o
1274 416 1612 472 ΖΑκιΑυΑεί
1661 418 1899 476 msa-mi:
1949 439 2256 480 ΚΑΡιτυιγ
2308 427 2740 488 ιιτοΜὲιὶιςκὲ.
3330 437 3410 497 13

1380 498 3412 533 *RQ—*—

918 614 984 678 A

520 796 1019 873 sanctissimeque
1132 803 1379 880 virginis

521 885 708 961 Marie
726 903 797 944 ac
813 887 1105 963 Stephani
1137 903 1344 967 proto·
1360 887 1377 976 Η

519 976 797 1051 martyris
814 978 1188 1056 aliorumque
1207 1001 1374 1042 sanc·

518 1076 719 1126 torum
766 1072 1223 1146 construxisset,

574 3648 689 3736 [2]
721 3654 1000 3713 familiam
1030 3648 1214 3713 hancb
1263 3658 1341 3714 ad

485 3744 742 3802 eandem
776 3744 1113 3818 predictam
1145 3746 1340 3819 ecele-

485 3833 637 3891 siam
685 3850 795 3906 pro
825 3835 1102 3892 remedio
1134 3835 1337 3911 anime

482 3941 591 3998 sue
608 3924 708 3981 tali
729 3933 937 3981 tenore
955 3933 1050 3982 est
1066 3923 1335 4001 largituS,

483 4021 552 4070 ut
597 4013 675 4071 ab
720 4013 1001 4071 omnibus
1039 4015 1296 4072 terrenis
1318 4009 1336 4096 Η

479 4103 749 4176 negociis
795 4102 980 4161 libera
1020 4104 1333 4178 existeret,

476 4191 586 4249 nisi
634 4201 867 4250 tantum
913 4193 1226 4268 preposito
1269 4203 1333 4253 et

476 4280 759 4340 fratribus
781 4282 1055 4340 eiusdem
1075 4283 1331 4358 ecclesie

476 4379 690 4429 cuncta
715 4371 945 4430 faceret
969 4375 1328 4432 necessaria.

553 5149 581 5191 b
610 5153 682 5212 ,h‘
707 5150 925 5205 doddno
950 5156 1073 5207 uad
1099 5154 1319 5206 r‘ddkou

464 5243 604 5307 tymi
644 5243 969 5306 inkoustcm.

1939 630 2009 693 B

1543 819 1754 872 meque
1808 806 2044 877 virginis
2099 808 2279 863 Marie
2334 828 2403 866 ac

1543 891 1820 963 Stephani
1868 882 1887 925 ‘
1957 904 2401 971 protomartyris

1539 984 1899 1054 aliorumque
1913 996 2246 1043 sanctorum
2261 1006 2399 1045 con·

1539 1075 1866 1141 struxisset,

1593 3663 1683 3734 [2]
1747 3666 2016 3721 familiam
2081 3671 2232 3725 hanc
2287 3673 2363 3727 ad

1503 3757 1747 3809 eandem
1804 3758 2125 3825 prodictam
2179 3762 2361 3815 eccle·

1500 3846 1642 3897 siam
1658 3860 1764 3912 pro
1780 3848 2040 3903 remedio
2053 3849 2243 3903 anime
2256 3866 2362 3904 sue

1499 3933 1597 3985 tali
1633 3942 1842 3988 tenore
1880 3945 1970 3991 est
2009 3938 2261 4007 largitus,
2297 3948 2361 3994 ut

1497 4021 1571 4074 ab
1610 4024 1879 4077 omnibus
1910 4028 2156 4080 terrenis
2181 4043 2356 4097 nego-

1496 4112 1600 4165 ciis
1657 4114 1835 4167 libera
1893 4116 2188 4178 existeret,
2247 4119 2357 4172 nisi

1493 4206 1715 4254 tantum
1794 4205 2095 4271 preposito
2170 4205 2355 4260 fratri-

1493 4289 1757 4358 busque
1807 4292 2070 4348 eiusdem
2108 4297 2356 4351 ecclesie

1492 4389 1701 4435 cuncta
1752 4381 1971 4436 faceret
2008 4388 2351 4440 necessaria.

2953 642 3015 708 C

2548 830 2611 878 et
2658 816 2676 902 Η
2722 822 2780 879 in
2827 825 2980 882 valle
3028 827 3405 889 lacrimarum

2547 911 2624 967 de
2687 912 2939 970 victoria
2986 934 3188 992 pugne
3238 922 3398 979 anci-

2546 999 2704 1073 pites
2750 1012 3072 1078 utramque
3142 1011 3401 1068 auctori-

2543 1100 2732 1146 tatem
2780 1091 2951 1150 iuxta
2998 1112 3180 1168 posse
3229 1101 3400 1174 sequi

2542 1179 2873 1253 cupienteS,
2935 1183 3205 1258 legitime
3269 1207 3401 1247 cer-

2541 1276 2672 1341 tare
2707 1278 2770 1326 et
2802 1271 3022 1346 pellem
3050 1293 3161 1348 pro
3195 1279 3399 1353 pelle⁸‚

2539 1356 2588 1413 si
2636 1360 2902 1430 parvitas
2955 1363 3080 1421 vite
3143 1384 3262 1425 non
3309 1368 3396 1426 in-

2539 1446 2794 1521 pediret,
2843 1461 3058 1509 cuncta
3105 1447 3120 1533 Η
3167 1474 3289 1529 que
3339 1459 3396 1516 in

2538 1538 2802 1607 presenti
2851 1540 2973 1597 vita
3017 1542 3398 1605 habebamus

2535 1642 2645 1698 pro
2686 1626 2882 1685 anima
2930 1630 3077 1688 dare
3110 1633 3393 1708 dispone-

2534 1713 2766 1786 bamus,
2814 1726 2881 1775 ut
2929 1719 2986 1776 in
3027 1721 3171 1780 celis
3218 1741 3392 1784 coro-

2536 1805 2660 1860 nari
2691 1821 3082 1871 mereremur.
3117 1812 3261 1871 Inde
3280 1825 3391 1887 est,

2532 1893 2696 1965 quod
2745 1912 2856 1967 pro
2904 1899 3150 1958 modulo
3183 1913 3391 1963 nostro

2531 1991 2595 2039 et
2636 1986 2933 2057 temporis
2967 2005 3039 2046 ac
3071 1993 3257 2049 nostri
3290 1996 3384 2053 evi

2530 2072 2829 2143 parvitate
2863 2092 2981 2151 ego
3007 2076 3389 2157 Sspitigneus

2528 2156 2544 2235 Q
2610 2161 2739 2218 dux
2811 2163 3178 2226 Boemorum
3248 2189 3387 2230 cum

2527 2260 2808 2326 consorte
2843 2250 3002 2314 thori
3045 2275 3156 2329 pro
3188 2279 3383 2320 reme·

2525 2340 2626 2397 dio
2658 2340 2992 2401 animarum
3041 2357 3381 2409 nostrarum

2523 2430 2881 2505 cogitantes,
2990 2434 3048 2492 in
3141 2443 3383 2499 nomine

2522 2528 2728 2594 sancte
2785 2530 2846 2579 et
2912 2523 3216 2585 individue
3281 2532 3379 2589 tri-

2521 2608 2722 2666 nitatis
2769 2627 2840 2667 ac
2889 2612 3380 2695 victoriosissime

2520 2698 2714 2756 crucis
2731 2709 2794 2757 et
2813 2705 3177 2763 venerabilis
3200 2709 3379 2786 virgi—

2520 2786 2609 2843 nis
2634 2787 2733 2845 dei
2759 2790 3072 2863 genitricis
3093 2795 3283 2855 Marie
3316 2810 3379 2857 at

2518 2876 2680 2934 beati
2706 2880 3215 2958 prothomartyris
3239 2886 3377 2945 Ste-

2517 2966 2694 3039 phani
2742 2970 3136 3045 omniumque
3202 2995 3366 3036 sanc·

2517 3064 2713 3114 torum
2755 3057 3060 3118 basilicam
3118 3066 3175 3121 in
3223 3066 3369 3125 Lut-

2514 3144 2768 3204 homiric
2815 3159 3237 3212 construentes
3271 3157 3372 3214 tali

2513 3234 2657 3293 dote
2691 3237 3033 3296 studuimus
3067 3241 3369 3320 insignire.

2515 3321 2896 3384 Conserimus
2943 3330 3148 3403 itaque
3188 3334 3366 3394 firmo

2511 3423 2574 3470 et
2652 3415 2847 3482 stabili
2942 3431 3363 3498 perpetuoque

2511 3502 2639 3558 iure
2705 3506 3139 3577 possidendum
3202 3515 3370 3586 quic-

2508 3592 2655 3665 quid
2705 3594 2785 3651 ad
2818 3614 3069 3668 presens
3115 3601 3231 3660 hec
3263 3622 3363 3677 pa-

2508 3682 2646 3756 gina
2694 3684 2930 3743 notabit
2977 3688 3197 3752 eidem.
3273 3689 3362 3772 [2]

2507 3771 2696 3847 Igitur
2757 3772 2817 3829 in
2879 3775 3087 3848 primis
3150 3780 3365 3840 damus

2505 3860 2562 3918 ei
2599 3864 2756 3918 XIIII
2797 3866 2958 3920 villas
2984 3870 3366 3930 censualibus

2506 3955 2830 4022 hospitibus
2901 3955 3208 4016 ordinatas
3299 3972 3361 4019 et

2504 4050 2748 4098 ornatas
2824 4049 3213 4117 servientibus
3292 4071 3362 4107 ac

2503 4134 2831 4188 araturis
2922 4142 2985 4190 et
3078 4137 3355 4198 bubulcis

2501 4229 2633 4269 cum
2671 4216 2938 4270 omnibus
3002 4225 3357 4285 necessariis

2500 4303 2658 4356 silvis
2696 4306 3061 4357 videlicet
3107 4309 3170 4358 et
3219 4319 3355 4372 pra-

2499 4391 2594 4451 tis,
2668 4387 2756 4467 [3]
2827 4391 3087 4448 NomIna
3149 4400 3351 4448 autem

2497 4479 2766 4539 villarum
2815 4491 2951 4538 sunt
3014 4480 3157 4539 hec:
3217 4483 3329 4537 Cre

2495 4565 2616 4626 sici,
2672 4564 2864 4626 Prrna,
2919 4562 3205 4630 P0p0v0‚b
3253 4564 3350 4617 Za-

2495 4655 2683 4714 ssade‚
2733 4652 3067 4715 l'rebessici,
3098 4654 3350 4721 Repcici,

2493 4742 2692 4807 Tinec,
2798 4743 3038 4808 Malsov,
3152 4744 3349 4806 Breza,

2582 4900 2609 4927 ²
2640 4888 3124 4942 nesrozumitelno.
3166 4887 3343 4940 Pala-

2491 4978 2586 5044 cky‘
2616 4981 2916 5046 opravuje:
2943 4984 3018 5038 ‚et
3039 4977 3343 5044 pellentem

2490 5066 2846 5131 propellere.

2580 5154 2610 5194 b
2642 5156 2853 5220 dole-sii
2897 5155 3023 5208 Eds!
3060 5155 3233 5205 dr‘iku
3282 5157 3352 5219 ‚p‘

2490 5245 2760 5308 ncjasna.
